<record><leader>00000cas a22000007a 4500</leader><controlfield tag="001">16132686</controlfield><controlfield tag="008">870706d18341834nyuwr ne      0    0eng d</controlfield><datafield ind1=" " ind2=" " tag="010"><subfield code="a">sn 87099990 </subfield></datafield><datafield ind1=" " ind2=" " tag="040"><subfield code="a">NPU</subfield><subfield code="b">eng</subfield><subfield code="c">DLC</subfield><subfield code="d">NYS</subfield><subfield code="d">OCL</subfield><subfield code="d">DLC</subfield><subfield code="d">OCLCF</subfield><subfield code="d">OCLCO</subfield></datafield><datafield ind1="1" ind2=" " tag="029"><subfield code="a">AU@</subfield><subfield code="b">000020119714</subfield></datafield><datafield ind1=" " ind2=" " tag="042"><subfield code="a">msc</subfield></datafield><datafield ind1=" " ind2=" " tag="043"><subfield code="a">n-us-ny</subfield></datafield><datafield ind1="0" ind2="0" tag="050"><subfield code="a">Newspaper</subfield></datafield><datafield ind1="0" ind2="4" tag="245"><subfield code="a">The Constellation with which the merchants' intelligencer is incorporated.</subfield></datafield><datafield ind1="0" ind2="0" tag="246"><subfield code="a">Constellation</subfield></datafield><datafield ind1="0" ind2="7" tag="246"><subfield code="a">New-York constellation</subfield></datafield><datafield ind1="0" ind2="3" tag="246"><subfield code="a">Constellation and intelligencer</subfield></datafield><datafield ind1="0" ind2="3" tag="246"><subfield code="a">Constellation and merchants' intelligencer</subfield></datafield><datafield ind1=" " ind2=" " tag="260"><subfield code="a">New-York, [N.Y.] :</subfield><subfield code="b">Swinborne, Rogers &amp; Co.,</subfield><subfield code="c">1834.</subfield></datafield><datafield ind1=" " ind2=" " tag="300"><subfield code="a">1 v. ;</subfield><subfield code="c">42 cm.</subfield></datafield><datafield ind1=" " ind2=" " tag="310"><subfield code="a">Weekly</subfield></datafield><datafield ind1="0" ind2=" " tag="362"><subfield code="a">Vol. 5, no. 35 (May 10, 1834)-v. 5, no. 43 (July 5, 1834).</subfield></datafield><datafield ind1=" " ind2=" " tag="500"><subfield code="a">Publisher: Swinborne &amp; Rogers, May 24, 1834-&lt;June 21&gt;; Swinborne, Rogers &amp; Paterson, &lt;July 5, 1834&gt;.</subfield></datafield><datafield ind1=" " ind2="0" tag="651"><subfield code="a">New York (N.Y.)</subfield><subfield code="v">Newspapers.</subfield></datafield><datafield ind1=" " ind2="7" tag="655"><subfield code="a">Newspapers.</subfield><subfield code="2">fast</subfield><subfield code="0">(OCoLC)fst01423814</subfield></datafield><datafield ind1=" " ind2="7" tag="651"><subfield code="a">New York (State)</subfield><subfield code="z">New York.</subfield><subfield code="2">fast</subfield><subfield code="0">(OCoLC)fst01204333</subfield></datafield><datafield ind1=" " ind2=" " tag="752"><subfield code="a">United States</subfield><subfield code="b">New York</subfield><subfield code="c">New York</subfield><subfield code="d">New York.</subfield></datafield><datafield ind1="0" ind2="4" tag="780"><subfield code="t">New-York atlas, and constellation</subfield></datafield><datafield ind1="0" ind2="4" tag="780"><subfield code="t">Merchants' intelligencer. And New York weekly record of general information, business, and amusement</subfield><subfield code="w">(DLC)sn 86053319</subfield></datafield><datafield ind1="0" ind2="0" tag="785"><subfield code="t">Constellation (New York, N.Y. : 1834)</subfield><subfield code="w">(DLC)sn 87099989</subfield></datafield></record>